<?xml version="1.0" encoding="UTF-8"?><record xmlns="http://www.loc.gov/MARC21/slim" xmlns:cinclude="http://apache.org/cocoon/include/1.0" xmlns:zs="http://www.loc.gov/zing/srw/">
  <leader>00390nz  a2200133n  4500</leader>
  <controlfield tag="001">no2008147580</controlfield>
  <controlfield tag="003">DLC</controlfield>
  <controlfield tag="005">20081010081822.0</controlfield>
  <controlfield tag="008">081008n| acannaabn          |n aaa     c</controlfield>
  <datafield tag="010" ind1=" " ind2=" ">
    <subfield code="a">no2008147580</subfield>
  </datafield>
  <datafield tag="035" ind1=" " ind2=" ">
    <subfield code="a">(OCoLC)oca07901675</subfield>
  </datafield>
  <datafield tag="040" ind1=" " ind2=" ">
    <subfield code="a">TxSmSANB</subfield>
    <subfield code="b">eng</subfield>
    <subfield code="c">TxSmSANB</subfield>
  </datafield>
  <datafield tag="100" ind1="1" ind2=" ">
    <subfield code="a">Ramazzini, A휍혖lvaro</subfield>
  </datafield>
  <datafield tag="670" ind1=" " ind2=" ">
    <subfield code="a">Precarious peace [VR] c2003:</subfield>
    <subfield code="b">title frame (A휍혖lvaro Ramazzini; Bishop of San Marcos)</subfield>
  </datafield>
</record>